<?xml version="1.0" encoding="UTF-8"?><record xmlns="http://www.loc.gov/MARC21/slim" xmlns:cinclude="http://apache.org/cocoon/include/1.0" xmlns:zs="http://www.loc.gov/zing/srw/">
  <leader>00872cz  a2200169n  4500</leader>
  <controlfield tag="001">n 2005062810</controlfield>
  <controlfield tag="003">DLC</controlfield>
  <controlfield tag="005">20080509080025.0</controlfield>
  <controlfield tag="008">050824n| acannaabn           a ana      </controlfield>
  <datafield tag="010" ind1=" " ind2=" ">
    <subfield code="a">n 2005062810</subfield>
  </datafield>
  <datafield tag="040" ind1=" " ind2=" ">
    <subfield code="a">DLC</subfield>
    <subfield code="b">eng</subfield>
    <subfield code="c">DLC</subfield>
    <subfield code="d">DLC</subfield>
  </datafield>
  <datafield tag="110" ind1="2" ind2=" ">
    <subfield code="a">Deutscher Werkbund Nordrhein-Westfalen</subfield>
  </datafield>
  <datafield tag="410" ind1="2" ind2=" ">
    <subfield code="a">Deutscher Werkbund.</subfield>
    <subfield code="b">Landesbund Nordrhein-Westfalen</subfield>
  </datafield>
  <datafield tag="410" ind1="2" ind2=" ">
    <subfield code="a">Deutscher Werkbund NW</subfield>
  </datafield>
  <datafield tag="670" ind1=" " ind2=" ">
    <subfield code="a">Vogelskamp, Stephan Alexander. Das suĚsse Leben, 2005:</subfield>
    <subfield code="b">t.p. (Deutschen Werkbundes Nordrhein-Westfalen) p. 9 (Deutscher Werkbund refounded 1949; Landesbund Nordrhein-Westfalen)</subfield>
  </datafield>
  <datafield tag="670" ind1=" " ind2=" ">
    <subfield code="a">100 Jahre Deutscher Werkbund NW 1907 bis 2007, 2007:</subfield>
    <subfield code="b">t.p. (Deutschen Werkbund NW) colophon (Deutscher Werkbund NW e.V.)</subfield>
  </datafield>
  <datafield tag="670" ind1=" " ind2=" ">
    <subfield code="a">Mitgliederverzeichnis des Deutschen Werkbund NW 1990 (via Google)</subfield>
    <subfield code="b">(Deutscher Werkbund Nordrhein-Westfalen is a member of the Deutscher Werkbund e.V.)</subfield>
  </datafield>
</record>